@misc{SanabriaSimulatorECA2012,
  author = {L. Sanabria-Russo and J. Barcelo and B. Bellalta},
  title = {{Implementing CSMA/ECA in COST.}},
  howpublished = "\url{https://github.com/SanabriaRusso/CSMA-E2CA/tree/researchToStandards}",
  year = {2012},
  note = "[Online]"
}


@article{abramson2009asw,
  title={{The Alohanet - Surfing for Wireless Data [History of Communications]}},
  author={Abramson, N.},
  journal=IEEE_M_COM,
  volume={47},
  number={12},
  pages={21--25},
  year={2009}
}

@article{banchs2005ac8,
  title={{Applications and challenges of the 802. 11 e EDCA mechanism: an experimental study}},
  author={Banchs, A. and Azcorra, A. and Garc{\'\i}a, C. and Cuevas, R. and others},
  journal={IEEE Network},
  volume={19},
  number={4},
  pages={52--58},
  year={2005},
  publisher={Institute of Electrical and Electronics Engineers, Inc, 445 Hoes Ln, Piscataway, NJ, 08854-1331, USA,}
}

@inproceedings{barcelo2008lba,
  title={{Learning-BEB: Avoiding Collisions in WLAN}},
  author={J. Barcelo and B. Bellalta and C. Cano and M. Oliver},
  booktitle={Eunice},
  year={2008},
}

@inproceedings{barcelo2009cpa,
  title={{Carrier Sense Multiple Access with Enhanced Collision Avoidance: a Performance Analysis}},
  author={J. Barcelo and B. Bellalta and C. Cano and A. Sfairopoulou and M. Oliver},
  booktitle={ACM IWCMC},
  year={2009}
}


@inproceedings{barcelo2009tpc,
  title={{Traffic Prioritization for Carrier Sense Multiple Access with Enhanced Collision Avoidance}},
  author={J. Barcelo and B. Bellalta and C. Cano and A. Sfairopoulou and M. Oliver and J. Zuidweg},
  booktitle={MACOM},
  year={2009},
}

@inproceedings{barcelo2010fcc,
  title={{Fairness and Convergence of CSMA with Enhanced Collision Avoidance}},
  author={J. Barcelo and A. Lopez-Toledo and C. Cano and M. Oliver},
  booktitle={IEEE ICC},
  year={2010}
}

@inproceedings{barcelo2011tcf,
  title={{Towards a Collision-Free WLAN: Dynamic Parameter Adjustment in CSMA/E2CA}},
  author={J. Barcelo and B. Bellalta and C. Cano and A. Sfairopoulou and M. Oliver},
  booktitle={EURASIP Journal on Wireless Communications and Networking},
  year={2011},
}

@article{barcelo2012mdc,
  author    = {Jaume Barcelo and
               N{\'u}ria Garcia and
               Azadeh Faridi and
               Simon Oechsner and
               Boris Bellalta},
  title     = {Modelling a Decentralized Constraint Satisfaction Solver
               for Collision-Free Channel Access},
  journal   = {CoRR},
  volume    = {abs/1210.3598},
  year      = {2012},
  ee        = {http://arxiv.org/abs/1210.3598},
  bibsource = {DBLP, http://dblp.uni-trier.de}
}

@inproceedings{barcelo2013dcc,
  title={{On the Distributed Construction of a Collision-Free Schedule in Multi-Hop Packet Radio Networks}},
  author={J. Barcelo and B. Bellalta and C. Cano and A. Sfairopoulou and M. Oliver},
  booktitle={Telecommunication Systems},
  year={to appear. Available in ArXiV.},
}

@inproceedings{bharghavan1994map,
  title={{MACAW: a media access protocol for wireless LAN's}},
  author={Bharghavan, V. and Demers, A. and Shenker, S. and Zhang, L.},
  booktitle={ACM SIGCOMM Computer Communication Review},
  volume={24},
  number={4},
  pages={212--225},
  year={1994},
  organization={ACM}
}

@inproceedings{bellalta2009vtc,
  title={{CSMA with Enhanced Collision Avoidance: a Performance Assessment}},
  author={J. Barcelo and B. Bellalta and A. Sfairopoulou and C. Cano and M. Oliver},
  booktitle={IEEE VTC Spring},
  year={2009},
}

@inproceedings{bellalta2005smi,
  author =   {B. Bellalta and M. Oliver and M. Meo and M. Guerrero},
  title =  "{A Simple Model of the IEEE 802.11 MAC Protocol with Heterogeneous Traffic Flows}",
  booktitle = {IEEE Eurocon},
  address = { Belgrade, Serbia and Montenegro},
  year =   {2005}
}

@article{bellalta2012rqp,
  title={{The Role of the Queueing Process in the Performance of Downlink SDMA Systems}},
  author={Bellalta, B and Barcelo, J and Oliver, M},
  journal={Wireless Personal Communications},
  pages={1--19},
  year={2012},
  publisher={Springer}
}

@article{bellalta2012ppa,
  title={{On the Performance of Packet Aggregation in IEEE 802.11 ac MU-MIMO WLANs}},
  author={Bellalta, Boris and Barcelo, Jaume and Staehle, Dirk and Vinel, Alexey and Oliver, Miquel},
  journal={Communications Letters, IEEE},
  volume={16},
  number={10},
  pages={1588-1591},
  year={2012},
  publisher={IEEE}
}


@book{bellamy1982dt,
  title={{Digital Telephony}},
  author={Bellamy, J.C.},
  publisher={Wiley-Interscience},
  year={1982}
}

@book{bertsekas1992dn,
  title={{Data Networks}},
  author={D. Bertsekas and R. Gallager},
  year={1992},
  publisher={Upper Saddle River, NJ: Prentice-Hall}
}


@article{bianchi2000pai,
  title={{Performance Analysis of the IEEE 802.11 Distributed Coordination Function}},
  author={Bianchi, G.},
  journal=IEEE_J_JSAC,
  volume={18},
  number={3},
  pages={535--547},
  year={2000}
}

@conference{bianchi2003kfe,
  title={{Kalman filter estimation of the number of competing terminals in an IEEE 802.11 network}},
  author={Bianchi, G. and Tinnirello, I.},
  booktitle={IEEE INFOCOM},
  volume={2},
  pages={844--852},
  year={2003},
  organization={INSTITUTE OF ELECTRICAL ENGINEERS INC (IEEE)}
}

@inproceedings{tinnirello2012wmp,
  title={Wireless mac processors: Programming mac protocols on commodity hardware},
  author={Tinnirello, I and Bianchi, G and Gallo, P and Garlisi, D and Giuliano, F and Gringoli, F},
  booktitle={INFOCOM, 2012 Proceedings IEEE},
  pages={1269--1277},
  year={2012},
  organization={IEEE}
}


@article{cali2000dti,
  title={{Dynamic Tuning of the IEEE 802.11 Protocol to Achieve a Theoretical Throughput Limit}},
  author={Cali, F. and Conti, M. and Gregori, E. and Aleph, P.},
  journal=IEEE_J_NET,
  volume={8},
  number={6},
  pages={785--799},
  year={2000}
}

@inproceedings{cano2013iri,
  title={{On the Improvement of Receiver-Initiated MAC Protocols for WSNs by Applying Scheduling}},
  author={C. Cano and D. Malone and B. Bellalta and J. Barcelo},
  booktitle={WoWMoM work in progress poster session},
  year={2013}
}

@inproceedings{checco2012scs,
  title={{Self-Configuration of Scrambling Codes for WCDMA Small Cell Networks}},
  author={Checco, A. and Razavi, R. and Leith, D.J. and Claussen, H.},
  booktitle={PIMRC},
  year={2012}
}

@article{checco2012lbc,
  title={{Learning-Based Constraint Satisfaction With Sensing Restrictions}},
  author={Checco, A. and Leith, D.},
  journal={arXiv preprint arXiv:1210.7156},
  year={2012}
}



@article{choi2005eei,
  title={{EBA: An Enhancement of the IEEE 802. 11 DCF via Distributed Reservation}},
  author={Choi, J. and Yoo, J. and Choi, S. and Kim, C.},
  journal=IEEE_J_MC,
  volume={4},
  number={4},
  pages={378--390},
  year={2005},
  publisher={Institute of Electrical and Electronics Engineers}
}

@conference{choi2008dbr,
  title={{Distributed Backoff Reservation and Scheduling for Collision Mitigation in IEEE 802.11 WLANs}},
  author={Choi, E. and Lee, W.},
  booktitle={ICOIN},
  pages={1--5},
  year={2008}
}


@inproceedings{crowther1973sbc,
  title={{A System for Broadcast Communication: Reservation-ALOHA}},
  author={Crowther, W. and Rettberg, R. and Walden, D. and Ornstein, S. and Heart, F.},
  booktitle={Hawaii Int. Conf. Syst. Sci},
  pages={596--603},
  year={1973}
}

@article{duffy2011dcs,
  author    = {K. R. Duffy and
               C. Bordenave and
               Douglas J. Leith},
  title     = {{Decentralized Constraint Satisfaction}},
  journal   = {Transaction on Networking. To appear. Available in ArXiV.},
  year      = {2013}
}


@BOOK{eaton2002gom,
  author =     "John W. Eaton",
  title =      "GNU Octave Manual",
  publisher =  "Network Theory Limited",
  year =       "2002",
  isbn =       "0-9541617-2-6"
}

@article{fang2011dlm,
  title={{Decentralised Learning MACs for Collision-free Access in WLANs}},
  author={Fang, M. and Malone, D. and Duffy, K.R. and Leith, D.J.},
  journal={Wireless Networks},
  publisher={Springer},
  year={to appear. Preprint available in arXiv.}
}

@book{feller1968ipt,
  title={An Introduction to Probability Theory and Its Applications. Volume I.},
  author={Feller, W.},
  year={1968},
  publisher={Wiley, John \& Sons, Inc.}
}

@misc{gringoli2010ofw,
  author = {Francesco Gringoli and Lorenzo Nava},
  title = {{OpenFWWF: OpenFirmWare for WiFi networks}},
  howpublished = "\url{http://www.ing.unibs.it/~openfwwf/}",
  year = {2010},
  note = "[Online; accessed 25-March-2011]"
}

@article{gong2012asd,
  title={Addressing Slot Drift in Decentralized Collision Free Access Schemes for WLANs},
  author={Gong, Wunan and Malone, David},
  journal={Multiple Access Communications},
  pages={146--157},
  year={2012},
  publisher={Springer}
}



@article{goodman1989prm,
  title={{Packet Reservation Multiple Access for Local Wireless Communications}},
  author={Goodman, DJ and Valenzuela, RA and Gayliard, KT and Ramamurthi, B.},
  journal=IEEE_J_COM,
  volume={37},
  number={8},
  pages={885--890},
  year={1989}
}

@book{grinstead1997ip,
  title={{Introduction to probability}},
  author={Grinstead, C.M. and Snell, J.L.},
  year={1997},
  publisher={American Mathematical Society}
}

@article{gurewitz2009mmo,
  title={{Measurement and Modeling of the Origins of Starvation of Congestion-Controlled Flows in Wireless Mesh Networks}},
  author={Gurewitz, O. and Mancuso, V. and Shi, J. and Knightly, E.W.},
  journal={IEEE/ACM Transactions on Networking},
  volume={17},
  number={6},
  pages={1832--1845},
  issn={1063-6692},
  year={2009},
  publisher={IEEE}
}

@article{hadzivelkov2002cid,
  title={{On the capacity of IEEE 802.11 DCF with capture in multipath-faded channels}},
  author={Hadzi-Velkov, Z. and Spasenovski, B.},
  journal={International Journal of Wireless Information Networks},
  volume={9},
  number={3},
  pages={191--199},
  year={2002},
  publisher={Springer}
}

@inproceedings{he2009srb,
  title={{Semi-Random Backoff: Towards Resource Reservation for Channel Access in Wireless LANs}},
  author={He, Y. and Yuan, R. and Sun, J. and Gong, W.},
  booktitle={IEEE ICNP},
  pages={21--30},
  year={2009},
}

@inproceedings{hui2011epp,
  title={{Exploiting peer-to-peer state exchange for distributed medium access control}},
  author={Hui, K.H. and Li, T. and Guo, D. and Berry, R.A.},
  booktitle={Information Theory Proceedings (ISIT), 2011 IEEE International Symposium on},
  pages={2368--2372},
  year={2011},
  organization={IEEE}
}


@book{jain1991acs,
  title={{The Art of Computer Systems Performance Analysis}},
  author={Jain, R.},
  year={1991},
  publisher={John Wiley \& Sons New York}
}

@book{jain1984quantitative,
  title={A quantitative measure of fairness and discrimination for resource allocation in shared computer system},
  author={Jain, R. and Chiu, D.M. and Hawe, W.R.},
  year={1984},
  publisher={Eastern Research Laboratory, Digital Equipment Corporation}
}

@article{khan2013aso,
  title={{Autonomous Sensing Order Selection Strategies Exploiting Channel Access Information}},
  author={Khan, Z. and Lehtomaki, J. and DaSilva, L. and Latva-aho, M.},
  journal={Mobile Computing, IEEE Transactions on},
  year={to appear. Available in IEEE Xplore},
  publisher={IEEE}
}


@article{kar2004apf,
  title={{Achieving Proportional Fairness Using Local Information in Aloha Networks}},
  author={Kar, K. and Sarkar, S. and Tassiulas, L.},
  journal={IEEE Transactions on Automatic Control},
  volume={49},
  number={10},
  pages={1858--1863},
  issn={0018-9286},
  year={2004},
  publisher={IEEE}
}

@article{kartsakli2011tmd,
  title={{A threshold-selective multiuser downlink MAC scheme for 802.11 n wireless networks}},
  author={Kartsakli, E. and Zorba, N. and Alonso, L. and Verikoukis, C.V.},
  journal={Wireless Communications, IEEE Transactions on},
  volume={10},
  number={3},
  pages={857--867},
  year={2011},
  publisher={IEEE}
}


@conference{kwon2003nmp,
  title={{A novel MAC protocol with fast collision resolution for wireless LANs}},
  author={Kwon, Y. and Fang, Y. and Latchman, H.},
  booktitle={IEEE INFOCOM},
  year={2003},
  volume={2}
}



@standard{IEEE80211-IEEESTD2007,
  title={{Wireless {LAN} Medium Access Control {(MAC)} and Physical Layer {(PHY)} Specification}},
  author={{IEEE 802.11}},
  organization= {IEEE},
  address= {Piscataway, NJ},
  number= {802.11},
  year= {2007}
};

@standard{IEEE80211n,
  title={{IEEE 802.11n-2009 - Amendment 5: Enhancements for Higher Throughput}},
  author={{IEEE}},
  organization= {IEEE},
  address= {Piscataway, NJ},
  number= {802.11n},
  year= {2009}
};


@article{lenzen2010clock,
  title={{Clock Synchronization: Open Problems in Theory and Practice}},
  author={Lenzen, C. and Locher, T. and Sommer, P. and Wattenhofer, R.},
  journal={SOFSEM 2010: Theory and Practice of Computer Science},
  pages={61--70},
  year={2010},
  publisher={Springer}
}

@article{lopez-aguilera2010pdi,
  title={{Propagation Delay Influence in IEEE 802.11 Outdoor Networks}},
  author={Lopez-Aguilera, E. and Casademont, J. and Cotrina, J.},
  journal={Wireless Networks},
  volume={16},
  number={4},
  pages={1123--1142},
  issn={1022-0038},
  year={2010},
  publisher={Springer}
}

@article{lopez-toledo2006aoi,
  title={{Adaptive Optimization of IEEE 802.11 DCF Based on Bayesian Estimation of the Number of Competing Terminals}},
  author={Lopez-Toledo, A. and Vercauteren, T. and Wang, X.},
  journal=IEEE_J_MC,
  volume={5},
  number={9},
  pages={1283},
  year={2006},
  publisher={IEEE Computer Society}
}

@inproceedings{martorell2012pec,
  title={{On the Performance Evaluation of CSMA/E2CA Protocol with Open Loop ARF-based Adaptive Modulation and Coding}},
  author={Martorell, G. and Riera, F. and Femenias, G. and Barcelo, J. and Bellalta, B},
  booktitle={European Wireless},
  year={2012}
}

@inproceedings{martorell2012tfl,
  title={{Tuning Fast Link Adaptation Algorithms for CSMA/CA-and CSMA/E2CA-Based WLANs}},
  author={Martorell, G. and Riera-Palou, F. and Femenias, G.},
  booktitle={ICCCN},
  pages={1--7},
  year={2012},
  organization={IEEE}
}

@article{nichols2012cqd,
  title={{Controlling Queue Delay}},
  author={Nichols, Kathleen and Jacobson, Van},
  journal={Communications of the ACM},
  volume={55},
  number={7},
  pages={42--50},
  year={2012},
  publisher={ACM}
}

@conference{oliver2010wca,
  title = {{Wireless Commons Against the Digital Divide}},
  author = {Miquel Oliver and Zuidweg, Johan and Batikas, Michail},
  booktitle = {IEEE International Symposium on Technology and Society ISTAS},
  year = {2010},
  month = {06},
  address = {New South Wales, Australia}
}

@article{patras2009cta,
  title={{A Control Theoretic Approach for Throughput Optimization in IEEE 802.11 e EDCA WLANs}},
  author={Patras, P. and Banchs, A. and Serrano, P.},
  journal={Mobile Networks and Applications},
  pages={697--708},
  year={2009},
  publisher={Springer}
}

@conference {sanabria2012ssu,
    title = {{Spectrum Sensing with USRP-E110}},
    booktitle = {5th International Workshop on Multiple Access Communications},
    year = {2012},
    month = {11/2012},
    publisher = {Springer},
    address = {Dublin, Ireland},
    keywords = {Energy Detection, GNURadio, Spectrum Sensing, TV White Spaces, USRP},
    author = {Sanabria-Russo, L. and J. Barcelo and Domingo, A. and Bellalta, B.}
}

@conference {sanabria2013fec,
    title = {{Future Evolution of CSMA Protocols for the IEEE 802.11 Standard}},
    booktitle = {2nd IEEE ICCC Workshop on Telecommuniction Standards},
    year = {2013},
    month = {6/2013},
    publisher = {IEEE},
    address = {Budapest, Hungary},
    author = {Sanabria-Russo, L. and Faridi, A. and Bellalta, B. and Barcelo, J. and Oliver, M.} 
}

@article{selman1993lss,
  title={{Local Search Strategies for Satisfiability Testing}},
  author={Selman, B. and Kautz, H. and Cohen, B.},
  journal={Cliques, coloring, and satisfiability: Second DIMACS implementation challenge},
  volume={26},
  pages={521--532},
  year={1993}
}


@article{sobrinho1999qsa,
  title={{Quality-of-service in ad hoc carrier sense multiple access wirelessnetworks}},
  author={Sobrinho, JL and Krishnakumar, AS},
  journal=IEEE_J_JSAC,
  volume={17},
  number={8},
  pages={1353--1368},
  year={1999}
}

@article{szpankowski1983asc,
  title={Analysis and stability considerations in a reservation multiaccess system},
  author={Szpankowski, W.},
  journal={Communications, IEEE Transactions on},
  volume={31},
  number={5},
  pages={684--692},
  year={1983},
  publisher={IEEE}
}

@article{tay2001cai,
  title={{A Capacity Analysis for the IEEE 802.11 MAC Protocol}},
  author={Tay, YC and Chua, KC},
  journal={Wireless Networks},
  volume={7},
  number={2},
  pages={159--171},
  year={2001},
  publisher={Springer}
}

@book{tsang1993fcs,
  title={{Foundations of Constraint Satisfaction}},
  author={Tsang, E.},
  volume={289},
  year={1993},
  publisher={Academic press London}
}


@article{tobagi1987mpa,
  title={{Modeling and performance analysis of multihop packet radio networks}},
  author={Tobagi, F.A.},
  journal={Proceedings of the IEEE},
  volume={75},
  number={1},
  pages={135--155},
  issn={0018-9219},
  year={1987},
  publisher={IEEE}
}

@article{wang2004ncr,
  title={{A new collision resolution mechanism to enhance the performance of IEEE 802.11 DCF}},
  author={Wang, C. and Li, B. and Li, L.},
  journal={IEEE Transactions on Vehicular Technology},
  volume={53},
  number={4},
  pages={1235--1246},
  year={2004}
}

@article{yi2010mso,
  title={{MAC Scheduling With Low Overheads by Learning Neighborhood Contention Patterns}},
  author={Yi, Y. and De Veciana, G. and Shakkottai, S.},
  journal={IEEE/ACM Transactions on Networking},
  year={2010}
}

@article{yokoo2000adc,
  title={{Algorithms for Distributed Constraint Satisfaction: A Review}},
  author={Yokoo, M. and Hirayama, K.},
  journal={Autonomous Agents and Multi-Agent Systems},
  volume={3},
  number={2},
  pages={185--207},
  year={2000},
  publisher={Springer}
}

@inproceedings{yucesan2002cost,
  title={COST: A component-oriented discrete event simulator},
  author={Y{\"u}cesan, E. and Chen, CH and Snowdon, JL and Charnes, JM},
  booktitle={Winter Simulation Conference},
  year={2002}
}
